<?xml version="1.0" encoding="UTF-8"?><collection xmlns="http://www.loc.gov/MARC21/slim"><record><leader>00442nam--2200121-i-4500</leader><controlfield tag="001">000016692</controlfield><controlfield tag="002">20161230</controlfield><controlfield tag="005">20161230201031</controlfield><controlfield tag="008">060222s1000------------r-----000-0-eng-d</controlfield><datafield ind1=" " ind2=" " tag="080"><subfield code="a">061.62(43O.1)(O47.1):621.384.6(430.1)</subfield></datafield><datafield ind1=" " ind2=" " tag="245"><subfield code="a">Beschleungigerlaboratorium der universitat und der technischen universitat munchen. jahresbericht: 1987</subfield></datafield><datafield ind1=" " ind2=" " tag="260"><subfield code="a">Munchen,Bescleungerlaboratorium Der Universita T Und Der Technischen Universitat</subfield></datafield><datafield ind1=" " ind2=" " tag="852"><subfield code="a">42869</subfield></datafield></record></collection>